@article{MiltonDonaldK.P.MarkGlencross2000,
    title = {{Risk of sick leave associated with outdoor air supply rate, humidification, and occupant complaints}},
    year = {2000},
    journal = {Indoor Air},
    author = {Milton, Donald K., P. Mark Glencross, Micheal D. Walters},
    number = {4},
    pages = {212--221},
    volume = {10},
    isbn = {0905-6947},
    doi = {10.1034/j.1600-0668.2000.010004212.x},
    issn = {09056947},
    pmid = {11089326},
    keywords = {Absenteeism, Air conditioning, Air pollution, Common cold, Environment and public health, Humidity, Indoor, Occupational exposure, Sick leave, Ventilation}
}

@article{Nicol2013AdaptiveWorld,
    title = {{Adaptive comfort in an unpredictable world}},
    year = {2013},
    journal = {Building Research {\&} Information},
    author = {Nicol, Fergus and Stevenson, Fionn},
    number = {3},
    month = {10},
    pages = {255--258},
    volume = {41},
    url = {https://doi.org/10.1080/09613218.2013.783528 http://files/2345/Nicol and Stevenson - 2013 - Adaptive comfort in an unpredictable world.pdf http://files/2346/09613218.2013.html},
    doi = {10.1080/09613218.2013.783528},
    issn = {0961-3218}
}

@article{Ferrari2012AdaptiveIndices,
    title = {{Adaptive comfort: Analysis and application of the main indices}},
    year = {2012},
    journal = {Building and Environment},
    author = {Ferrari, Simone and Zanotto, Valentina},
    month = {10},
    pages = {25--32},
    volume = {49},
    url = {http://www.sciencedirect.com/science/article/pii/S0360132311002903 http://files/2357/Ferrari and Zanotto - 2012 - Adaptive comfort Analysis and application of the .pdf http://files/2356/S0360132311002903.html},
    doi = {10.1016/j.buildenv.2011.08.022},
    issn = {0360-1323},
    keywords = {Adaptive approach, Italian climatic context, Passive cooling, Thermal comfort}
}

@article{Gorgievski2010AfterSetting,
    title = {{After the fire: New ways of working in an academic setting}},
    year = {2010},
    journal = {Facilities},
    author = {Gorgievski, Marjan J. and van der Voordt, Theo J.M. and van Herpen, Sanne G.A. and van Akkeren, Sophie},
    number = {3-4},
    pages = {206--224},
    volume = {28},
    isbn = {0263277101102},
    doi = {10.1108/02632771011023159},
    issn = {02632772},
    keywords = {Business environment, Office layout, Personal needs, Social interaction, The Netherlands, Universities}
}

@article{Huizenga2006AirSurvey,
    title = {{Air quality and thermal comfort in office buildings : Results of a large indoor environmental quality survey}},
    year = {2006},
    journal = {Proceedings of Healthy Buildings},
    author = {Huizenga, C. and Abbaszadeh, S. and Zagreus, L. and Arens, E.},
    pages = {393--397},
    volume = {III},
    isbn = {9789899506718},
    doi = {10.12659/PJR.894050},
    issn = {13182099},
    pmid = {26191113},
    keywords = {air quality, category, design operation, healthy buildings, indoor environmental quality, occupant survey, productivity, thermal comfort}
}

@article{Cooper2017AnData,
    title = {{An intelligent hot-desking model harnessing the power of occupancy sensing data}},
    year = {2017},
    journal = {Facilities},
    author = {Cooper, Peter Benjamin and Maraslis, Konstantinos and Tryfonas, Theo and Oikonomou, George},
    number = {13-14},
    pages = {766--786},
    volume = {35},
    doi = {10.1108/F-01-2016-0014},
    issn = {02632772},
    keywords = {Hotdesking, Intelligent buildings, Office buildings, Office management, Productivity, Smart buildings}
}

@article{Cooper2017AnDatab,
    title = {{An intelligent hot-desking model harnessing the power of occupancy sensing data}},
    year = {2017},
    journal = {Facilities},
    author = {Cooper, Peter Benjamin and Maraslis, Konstantinos and Tryfonas, Theo and Oikonomou, George},
    number = {13-14},
    pages = {766--786},
    volume = {35},
    doi = {10.1108/F-01-2016-0014},
    issn = {02632772},
    keywords = {Hotdesking, Intelligent buildings, Office buildings, Office management, Productivity, Smart buildings}
}

@article{Weijs-Perree2018AnalysingCharacteristics,
    title = {{Analysing user preferences for co-working space characteristics}},
    year = {2018},
    journal = {Building Research and Information},
    author = {Weijs-Perr{\'{e}}e, Minou and van de Koevering, Jasper and Appel-Meulenbroek, Rianne and Arentze, Theo},
    number = {0},
    pages = {1--15},
    volume = {0},
    publisher = {Taylor {\&} Francis},
    url = {https://doi.org/10.1080/09613218.2018.1463750},
    doi = {10.1080/09613218.2018.1463750},
    issn = {14664321},
    keywords = {co-working, mixed-logit model, multi-tenant offices, offices, stated-choice method, user preferences, workplace design}
}

@article{Schopfel2015Co-workingCentres,
    title = {{Co-working and innovation: New concepts for academic libraries and learning centres}},
    year = {2015},
    journal = {New Library World},
    author = {Schopfel, Joachim and Roche, Julien and Hubert, Gilles},
    pages = {67--78},
    volume = {116},
    isbn = {0520140060},
    doi = {10.1108/NLW-06-2014-0072},
    issn = {03074803},
    pmid = {100418021},
    arxivId = {arXiv:1011.1669v3},
    keywords = {Academic library, Co-working, Innovation, Learning centre, Social responsibility}
}

@article{Meinke2017Comfort-relatedComfort,
    title = {{Comfort-related feedforward information: occupants??? choice of cooling strategy and perceived comfort}},
    year = {2017},
    journal = {Building Research and Information},
    author = {Meinke, Anita and Hawighorst, Maren and Wagner, Andreas and Trojan, J??rg and Schweiker, Marcel},
    number = {1-2},
    pages = {222--238},
    volume = {45},
    publisher = {Taylor {\&} Francis},
    isbn = {0961-3218},
    doi = {10.1080/09613218.2017.1233774},
    issn = {14664321},
    keywords = {adaptive behaviour, agency, choice of action, cooling, feedback, feedforward, occupant behaviour, overheating, perceived control, thermal comfort}
}

@article{Chappells2005DebatingEnvironment,
    title = {{Debating the future of comfort: Environmental sustainability, energy consumption and the indoor environment}},
    year = {2005},
    journal = {Building Research and Information},
    author = {Chappells, Heather and Shove, Elizabeth},
    number = {1},
    pages = {32--40},
    volume = {33},
    isbn = {09613218},
    doi = {10.1080/0961321042000322762},
    issn = {09613218},
    pmid = {15610075},
    keywords = {Adaptation, Adaptive behaviour, Air-conditioning, Climate change, Comfort, Energy consumption, Indoor environment, Social convention, Sustainability}
}

@article{Nicol2010DerivationEN15251,
    title = {{Derivation of the adaptive equations for thermal comfort in free-running buildings in European standard EN15251}},
    year = {2010},
    journal = {Building and Environment},
    author = {Nicol, Fergus and Humphreys, Michael},
    number = {1},
    month = {10},
    pages = {11--17},
    series = {International Symposium on the Interaction between Human and Building Environment Special Issue Section},
    volume = {45},
    url = {http://www.sciencedirect.com/science/article/pii/S036013230800303X http://files/2360/Nicol and Humphreys - 2010 - Derivation of the adaptive equations for thermal c.pdf http://files/2359/S036013230800303X.html},
    doi = {10.1016/j.buildenv.2008.12.013},
    issn = {0360-1323},
    keywords = {Adaptive comfort, Europe, European Standard EN15251, Free-running buildings, Thermal comfort}
}

@article{Kim2016DeskHealth,
    title = {{Desk ownership in the workplace: The effect of non-territorial working on employee workplace satisfaction, perceived productivity and health}},
    year = {2016},
    journal = {Building and Environment},
    author = {Kim, Jungsoo and Candido, Christhina and Thomas, Leena and de Dear, Richard},
    pages = {203--214},
    volume = {103},
    publisher = {Elsevier Ltd},
    url = {http://dx.doi.org/10.1016/j.buildenv.2016.04.015},
    doi = {10.1016/j.buildenv.2016.04.015},
    issn = {03601323},
    keywords = {Activity-based workspace, Desk sharing, Flexi desk, Indoor environmental quality (IEQ), Non-territorial office, Occupant survey}
}

@incollection{Gunay2016DetectingStudy,
    title = {{Detecting occupants’ presence in office spaces: a case study}},
    year = {2016},
    booktitle = {Presented at the ESim 2016, Hamilton},
    author = {Gunay, H Burak and Fuller, Anthony and O’Brien, William and Beausoleil-Morrison, Ian},
    url = {http://files/2108/Gunay et al. - 2016 - Detecting occupants’ presence in office spaces a .pdf http://files/2107/Gunay et al. - 2016 - Detecting occupants’ presence in office spaces a .pdf}
}

@article{Brager2015EvolvingComfort,
    title = {{Evolving opportunities for providing thermal comfort}},
    year = {2015},
    journal = {Building Research and Information},
    author = {Brager, Gail and Zhang, Hui and Arens, Edward},
    number = {3},
    pages = {274--287},
    volume = {43},
    publisher = {Taylor {\&} Francis},
    url = {http://dx.doi.org/10.1080/09613218.2015.993536},
    isbn = {0961-3218},
    doi = {10.1080/09613218.2015.993536},
    issn = {14664321},
    keywords = {Adaptation, Adaptive behaviour, Air movement, Buildings, Energy use, Personal control, Solutions, Thermal comfort}
}

@article{Hoendervanger2016FlexibilityEnvironments,
    title = {{Flexibility in use: Switching behaviour and satisfaction in activity-based work environments}},
    year = {2016},
    journal = {Journal of Corporate Real Estate},
    author = {Hoendervanger, Jan Gerard and De Been, Iris and Van Yperen, Nico W. and Mobach, Mark P. and Albers, Casper J.},
    number = {1},
    pages = {48--62},
    volume = {18},
    isbn = {1355585121121},
    doi = {10.1108/JCRE-10-2015-0033},
    issn = {14791048},
    pmid = {42012058},
    arxivId = {http://dx.doi.org/10.1108/BIJ-10-2012-0068},
    keywords = {Activity-based working, Satisfaction, Switching behaviour, Work environment}
}

@article{Engelen2018IsReview,
    title = {{Is activity-based working impacting health, work performance and perceptions? A systematic review}},
    year = {2018},
    journal = {Building Research {\&} Information},
    author = {Engelen, Lina and Chau, Josephine and Young, Sarah and Mackey, Martin and Jeyapalan, Dheepa and Bauman, Adrian},
    number = {0},
    month = {10},
    pages = {1--12},
    volume = {0},
    url = {https://doi.org/10.1080/09613218.2018.1440958 http://files/2379/09613218.2018.html},
    doi = {10.1080/09613218.2018.1440958},
    issn = {0961-3218},
    keywords = {activity-based working, agile working, job performance, occupants, office, workplace, workspace}
}

@article{Zagreus2004ListeningSurvey,
    title = {{Listening to the occupants: a Web-based indoor environmental quality survey}},
    year = {2004},
    journal = {Indoor Air},
    author = {Zagreus, Leah and Huizenga, Charlie and Arens, Edward and Lehrer, David},
    number = {s8},
    pages = {65--74},
    volume = {14},
    url = {http://doi.wiley.com/10.1111/j.1600-0668.2004.00301.x},
    isbn = {0961321090289},
    doi = {10.1111/j.1600-0668.2004.00301.x},
    issn = {0905-6947},
    pmid = {15663461},
    keywords = {benchmarking building quality, environmental quality, indoor, occupant satisfaction, online, poe, post-occupancy evaluation, reporting, web-based}
}

@book{DevelopmentOECD2013MethodologicalWell-being,
    title = {{Methodological considerations in the measurement of subjective well-being}},
    year = {2013},
    author = {Development (OECD), Organisation for Economic Co-operation and},
    month = {10},
    publisher = {OECD Publishing},
    url = {https://www.ncbi.nlm.nih.gov/books/NBK189566/ http://files/2369/NBK189566.html},
    language = {en}
}

@article{VanDerVoordt2004ProductivityWorkplaces,
    title = {{Productivity and employee satisfaction in flexible workplaces}},
    year = {2004},
    journal = {Journal of Corporate Real Estate},
    author = {Van Der Voordt, Theo J.m.},
    number = {2},
    pages = {133--148},
    volume = {6},
    isbn = {1463-001X},
    doi = {10.1108/14630010410812306},
    issn = {14791048},
    pmid = {12725819},
    keywords = {Employee satisfaction, Flexible working, New offices, Post-occupancy evaluation, Productivity, Research}
}

@article{deDear2013ProgressYears,
    title = {{Progress in thermal comfort research over the last twenty years}},
    year = {2013},
    journal = {Indoor Air},
    author = {de Dear, R J and Akimoto, T and Arens, E A and Brager, G and Candido, C and Cheong, K W D and Li, B and Nishihara, N and Sekhar, S C and Tanabe, S and Toftum, J and Zhang, H and Zhu, Y},
    number = {6},
    pages = {442--461},
    volume = {23},
    url = {http://www.ncbi.nlm.nih.gov/pubmed/23590514},
    doi = {10.1111/ina.12046},
    issn = {1600-0668},
    keywords = {Adaptive comfort model, Air movement, Efficiency, Heating, Humans, Models, Biological, Multinode models, PMV/PPD, Perception, Personal comfort systems, Research, Thermal comfort, Thermosensing},
    language = {eng}
}

@article{Millward2007PuttingIdentification,
    title = {{Putting Employees in Their Place: The Impact of  Hot Desking on Organizational and Team Identification}},
    year = {2007},
    journal = {Organization Science},
    author = {Millward, Lynne J and Haslam, S Alexander and Postmes, Tom},
    number = {4},
    month = {10},
    pages = {547--559},
    volume = {18},
    url = {https://pubsonline.informs.org/doi/abs/10.1287/orsc.1070.0265 http://files/2374/orsc.1070.html},
    doi = {10.1287/orsc.1070.0265},
    issn = {1047-7039}
}

@article{Frontczak2012QuantitativeDesign,
    title = {{Quantitative relationships between occupant satisfaction and satisfaction aspects of indoor environmental quality and building design}},
    year = {2012},
    journal = {Indoor Air},
    author = {Frontczak, M and Schiavon, S and Goins, J and Arens, E and Zhang, H and Wargocki, P},
    number = {2},
    month = {10},
    pages = {119--131},
    volume = {22},
    url = {https://onlinelibrary.wiley.com/doi/abs/10.1111/j.1600-0668.2011.00745.x http://files/2352/Frontczak et al. - 2012 - Quantitative relationships between occupant satisf.pdf http://files/2351/j.1600-0668.2011.00745.html},
    doi = {10.1111/j.1600-0668.2011.00745.x},
    issn = {1600-0668},
    keywords = {Occupants’ responses, Office buildings, Post-occupancy evaluation},
    language = {en}
}

@article{Windsor2018RethinkingComfort,
    title = {{Rethinking Comfort}},
    year = {2018},
    journal = {2018 Windsor Conference},
    author = {Windsor, Proceeding of the 2018 Windsor Conference},
    number = {April},
    isbn = {9780992895785}
}

@article{Nicol2017RethinkingComfort,
    title = {{Rethinking thermal comfort}},
    year = {2017},
    journal = {Building Research and Information},
    author = {Nicol, J. Fergus and Roaf, Susan},
    number = {7},
    pages = {711--716},
    volume = {45},
    publisher = {Taylor {\&} Francis},
    doi = {10.1080/09613218.2017.1301698},
    issn = {14664321}
}

@article{Hirst2011SettlersHot-desking,
    title = {{Settlers, vagrants and mutual indifference: Unintended consequences of hot-desking}},
    year = {2011},
    journal = {Journal of Organizational Change Management},
    author = {Hirst, Alison},
    number = {6},
    pages = {767--788},
    volume = {24},
    isbn = {0953-4814},
    doi = {10.1108/09534811111175742},
    issn = {09534814},
    pmid = {24551439},
    arxivId = {A luxury brand management framework built from historical review and case study analysis},
    keywords = {Employees behaviour, Ethnography, Hot-desking, Office management, Space utilization, Urban sociology}
}

@article{Hitchings2009StudyingContext,
    title = {{Studying thermal comfort in context}},
    year = {2009},
    journal = {Building Research and Information},
    author = {Hitchings, Russell},
    number = {1},
    pages = {89--94},
    volume = {37},
    isbn = {0961-3218},
    doi = {10.1080/09613210802610753},
    issn = {09613218},
    keywords = {Adaptation, Agency, Comfort, Lower carbon society, Occupant satisfaction, Qualitative methods, Sustainable consumption}
}

@article{Morrison2017TheSpaces,
    title = {{The demands and resources arising from shared office spaces}},
    year = {2017},
    journal = {Applied Ergonomics},
    author = {Morrison, Rachel L. and Macky, Keith A.},
    pages = {103--115},
    volume = {60},
    publisher = {Elsevier Ltd},
    url = {http://dx.doi.org/10.1016/j.apergo.2016.11.007},
    isbn = {0003-6870},
    doi = {10.1016/j.apergo.2016.11.007},
    issn = {18729126},
    pmid = {28166868},
    keywords = {Co-worker relationships, Hot-desking, Job demands-resources}
}

@article{Daniels1994TheShuffle,
    title = {{The Hot Desk Shuffle}},
    year = {1994},
    journal = {Work Study},
    author = {Daniels, Shirley},
    number = {7},
    pages = {7},
    volume = {43},
    isbn = {0000000004008},
    doi = {10.1108/EUM0000000004008},
    issn = {0043-8022}
}

@article{vanHoof2010ThermalPractice,
    title = {{Thermal comfort: research and practice}},
    year = {2010},
    journal = {Frontiers in Bioscience (Landmark Edition)},
    author = {van Hoof, Joost and Mazej, Mitja and Hensen, Jan L M},
    pages = {765--788},
    volume = {15},
    url = {http://files/2367/van Hoof et al. - 2010 - Thermal comfort research and practice.pdf http://www.ncbi.nlm.nih.gov/pubmed/20036845},
    issn = {1093-4715},
    keywords = {Acclimatization, Body Temperature, Body Temperature Regulation, Environment Design, Housing, Humans, Models, Biological, Research, Research Design, Temperature},
    language = {eng}
}

@article{Stronach1992UCBerkeley,
    title = {{UC Berkeley}},
    year = {1992},
    journal = {The Biblical Archaeologist},
    author = {Stronach, David},
    number = {4},
    pages = {227},
    volume = {55},
    isbn = {7077580849},
    doi = {10.2307/3210319}
}

@inproceedings{Tefft2016WirelessEfficiency,
    title = {{Wireless sensor system for detection of occupants to increase building energy efficiency}},
    year = {2016},
    booktitle = {2016 IEEE International Smart Cities Conference (ISC2)},
    author = {Tefft, J R and Kirsch, N J and Adams, T M and Fu, T S},
    pages = {1--6},
    url = {http://files/2372/Tefft et al. - 2016 - Wireless sensor system for detection of occupants .pdf http://files/2371/7580796.html},
    doi = {10.1109/ISC2.2016.7580796},
    keywords = {Buildings, EMD, Meteorology, Monitoring, PMC, RSS, RSSI, Radio frequency, Receivers, Schedules, Servers, air conditioning, building climate control, building energy efficiency, building management systems, cellular devices, cellular signals, empirical mode decomposition, ergonomics, fusion server, indoor environment, occupant detection, prior measurement comparison, received signal strength, wireless sensor networks, wireless sensor system}
}

@article{Pitt2008WorkforceEnvironment,
    title = {{Workforce ownership of space in a space sharing environment}},
    year = {2008},
    journal = {Journal of Facilities Management},
    author = {Pitt, Michael and Bennett, James},
    number = {4},
    pages = {290--302},
    volume = {6},
    url = {http://www.emeraldinsight.com/doi/10.1108/14725960810908154},
    isbn = {0000000004008},
    doi = {10.1108/14725960810908154},
    issn = {1472-5967},
    pmid = {42012058},
    arxivId = {A luxury brand management framework built from historical review and case study analysis}
}